%%\begin{thebibliography}{10}\setlength{\itemsep}{0ex}\small
@IEEEtranBSTCTL{IEEEexample:BSTcontrol,
   CTLdash_repeated_names = "no",
}

@string(IEEESoftEng=    "IEEE Transactions on Software Engineering")
@string{TOPLAS= "ACM Transactions on Programming Languages and Systems"}
@string{Surveys="ACM Computing Surveys"}
@string{PODC= "Proceedings of ACM Symposium on Principles of Distributed Computing"}
@string{CACM= "Communications of the ACM"}
@string{JACM= "Journal of the ACM"}
@string{TPDS= "IEEE Transactions on Parallel Distributed Systems"}
@string{IEEE= "Proceedings of the IEEE"}
@string{JSS= "Journal of Systems Software"}
@string{RTS= "Real-Time Systems"}
@string{SEJ= "Software Engineering Journal"}
@string{RTSS= "Proceedings of IEEE Real-Time Systems Symposium"}
@string{ICPDS= "Proceedings of International Conference on Principles of Distributed Systems"}
@string{ICDCS= "Proceedings of International Conference on Distributed Computing Systems"}
@string{EMSOFT= "Proceedings of ACM \& IEEE International Conference on Embedded Software"}
@string{RTCSA= "Proceedings of IEEE International Conference on Embedded and Real-Time Computing Systems and Applications"}
@string{RTAS= "Proceedings of IEEE Real-Time Technology and Applications Symposium"}
@string{ECRTS= "Proceedings of Euromicro Conference on Real-Time Systems"}
@string{EURO= "Proceedings of Euromicro Workshop on Real-Time Systems"}
@string{ICALP= "Proceedings of Int. Conf. on Automata, Languages and Programming"}
@string{TSE= "IEEE Transactions on Software Engineering"}
@string{POPL87= "Proceedings $14^{th}$ ACM Symposium on Principles of Programming
         Languages"}
@string{ACMPOPL= "Proceedings of ACM Principles of Programming Languages"}
@string{FCS= "Proceedings of Foundations of Computer Science"}
@string{TOC= "IEEE Transactions on Computers"}
@string{TCS= "Theoretical Computer Science"}
@string{IP= "Information Processing"}
@string{PennCIS="Dept. of Computer and Information Science,
         University of Pennsylvania"}
@string{UofMassA="Department of Computer and Information Science,
         University of Massachusetts, Amherst"}

@string{LICS="Proceedings of IEEE Symposium on Logic in Computer Science"}
@string{JRTS= "Real-Time Systems:  The International Journal of Time
        Critical Computing Systems"}
@string{NAPAW="Proceedings of the North American Process Algebra Workshop"}




@inproceedings{greenbag,
	title = {{GreenBag: Energy-efficient Bandwidth Aggregation for Real-time Streaming in Heterogeneous Mobile Wireless Networks}},
	author = {D. H. Bui and K. Lee and S. Oh and I. Shin and H. Shin and H. Woo and D. Ban},
	author+an = {1=highlight},
	booktitle = {Proc. IEEE RTSS},
	year = {2013}
}

@inproceedings{ebrowser,
	title = {{Rethinking Energy-Performance Trade-Off in Mobile Web Page Loading}},
	author = {D. H. Bui and Y. Liu and H. Kim and I. Shin and F. Zhao},
	booktitle = {Proc. ACM MobiCom},
	year = {2015}
}

@inproceedings{getmobile,
	title = {{Rethinking Energy-Performance Trade-Off in Mobile Web Page Loading}},
	author = {D. H. Bui and Y. Liu and H. Kim and I. Shin and F. Zhao},
	booktitle = {ACM SIGMOBILE GetMobile: Mobile Computing and Communications, Volume 20, Issue 2},
	year = {2016}
}

@inproceedings{mobileplus,
	title = {{Demo: Mobile Plus: Mobile platform for Transparent Sharing of Functionalities Across Devices}},
	author = {S. Oh and H. Yoo and D. Jeong and S. Park and D. H. Bui and S. Moon and I. Shin},
	booktitle = {Proc. ACM MobiSys},
	year = {2016}
}

@inproceedings{bpelverify,
	title = {{A method of verifying web service composition}},
	author = {T. Q. Huynh and Q. T. Pham and D. H. Bui},
	booktitle = {Proc. ACM International Symposium on Information and Communication Technology (SoICT)},
	year = {2010}
}

@inproceedings{kcse,
	title = {{A Case Study of the Application of Dynamic Symbolic Execution to Real-World Binary Programs}},
	author = {D. H. Bui and Yunho Kim and Moonzoo Kim},
	booktitle = {Korea Conference on Software Engineering},
	year = {2012}
}

@inproceedings{rio,
	title = {{Rio: A System Solution for Sharing I/O between Mobile	Systems}},
	author = {A. A. Sani and Kevin Boos and Min Hong Yun and L. Zhong},
	booktitle = {Proc. ACM MobiSys},
	year = {2014}
}

@Misc{ebrowsergithub,
	title = {{Energy-Efficient Web Page Loading}},
	author = {D. H. Bui},
	year = {2016},
	howpublished = "\nolinkurl{https://github.com/ducalpha/energy_efficient_web_page_loading}"
}